<marcxml:record xmlns:xlink="http://www.w3.org/1999/xlink" xmlns:marcxml="http://www.loc.gov/MARC21/slim" xmlns:rdf="http://www.w3.org/1999/02/22-rdf-syntax-ns#" xmlns:madsrdf="http://www.loc.gov/mads/rdf/v1#" xmlns:ri="http://id.loc.gov/ontologies/RecordInfo#" xmlns:xsi="http://www.w3.org/2001/XMLSchema-instance" xmlns:mets="http://www.loc.gov/METS/" xmlns:idx="info:lc/xq-modules/lcindex" xmlns:bfidx="info:lc/xq-modules/bfidx" xmlns:semtriples="http://marklogic.com/semantic" xmlns:bf="http://id.loc.gov/ontologies/bibframe/" xmlns:bflc="http://id.loc.gov/ontologies/bflc/" xmlns:bfsimple="http://id.loc.gov/ontologies/bfsimple/" xmlns:dcterms="http://purl.org/dc/terms/">
  <marcxml:leader>03483cam a2200505 i 4500</marcxml:leader>
  <marcxml:controlfield tag="001">21519473</marcxml:controlfield>
  <marcxml:controlfield tag="005">20210728134813.0</marcxml:controlfield>
  <marcxml:controlfield tag="008">200504s2020    nyua   j b    000 0 eng  </marcxml:controlfield>
  <marcxml:datafield ind1=" " ind2=" " tag="906">
    <marcxml:subfield code="a">7</marcxml:subfield>
    <marcxml:subfield code="b">cbc</marcxml:subfield>
    <marcxml:subfield code="c">orignew</marcxml:subfield>
    <marcxml:subfield code="d">1</marcxml:subfield>
    <marcxml:subfield code="e">ecip</marcxml:subfield>
    <marcxml:subfield code="f">20</marcxml:subfield>
    <marcxml:subfield code="g">y-gencatlg</marcxml:subfield>
  </marcxml:datafield>
  <marcxml:datafield ind1="0" ind2=" " tag="925">
    <marcxml:subfield code="a">acquire</marcxml:subfield>
    <marcxml:subfield code="b">2 shelf copies</marcxml:subfield>
    <marcxml:subfield code="x">policy default</marcxml:subfield>
  </marcxml:datafield>
  <marcxml:datafield ind1=" " ind2=" " tag="955">
    <marcxml:subfield code="b">rm15 2020-05-04</marcxml:subfield>
    <marcxml:subfield code="c">rm15 2020-05-04 (TW situational) to HMS</marcxml:subfield>
    <marcxml:subfield code="d">rf21 2020-05-08 (telework) to SL</marcxml:subfield>
    <marcxml:subfield code="e">rf07 2020-05-11 (TW Situational) to Dewey</marcxml:subfield>
    <marcxml:subfield code="w">xm04 2020-05-18 (TW situational)</marcxml:subfield>
    <marcxml:subfield code="a">xn11 2021-04-05 1 copy rec'd., to CIP ver.</marcxml:subfield>
    <marcxml:subfield code="f">rf06 2021-06-21 (TW Situational) to CMD</marcxml:subfield>
    <marcxml:subfield code="t">xn11 2021-07-28 copy 2 added to CALM</marcxml:subfield>
  </marcxml:datafield>
  <marcxml:datafield ind1=" " ind2=" " tag="010">
    <marcxml:subfield code="a">  2020011095</marcxml:subfield>
  </marcxml:datafield>
  <marcxml:datafield ind1=" " ind2=" " tag="020">
    <marcxml:subfield code="a">9780593121610</marcxml:subfield>
    <marcxml:subfield code="q">(hardcover)</marcxml:subfield>
  </marcxml:datafield>
  <marcxml:datafield ind1=" " ind2=" " tag="020">
    <marcxml:subfield code="a">9780593121627</marcxml:subfield>
    <marcxml:subfield code="q">(library binding)</marcxml:subfield>
  </marcxml:datafield>
  <marcxml:datafield ind1=" " ind2=" " tag="020">
    <marcxml:subfield code="a">9780593121641</marcxml:subfield>
    <marcxml:subfield code="q">(trade paperback)</marcxml:subfield>
  </marcxml:datafield>
  <marcxml:datafield ind1=" " ind2=" " tag="020">
    <marcxml:subfield code="z">9780593121634</marcxml:subfield>
    <marcxml:subfield code="q">(ebook)</marcxml:subfield>
  </marcxml:datafield>
  <marcxml:datafield ind1=" " ind2=" " tag="040">
    <marcxml:subfield code="a">DLC</marcxml:subfield>
    <marcxml:subfield code="b">eng</marcxml:subfield>
    <marcxml:subfield code="c">DLC</marcxml:subfield>
    <marcxml:subfield code="e">rda</marcxml:subfield>
    <marcxml:subfield code="d">DLC</marcxml:subfield>
  </marcxml:datafield>
  <marcxml:datafield ind1=" " ind2=" " tag="042">
    <marcxml:subfield code="a">pcc</marcxml:subfield>
  </marcxml:datafield>
  <marcxml:datafield ind1=" " ind2=" " tag="043">
    <marcxml:subfield code="a">n-us---</marcxml:subfield>
  </marcxml:datafield>
  <marcxml:datafield ind1="0" ind2="0" tag="050">
    <marcxml:subfield code="a">E185.61</marcxml:subfield>
    <marcxml:subfield code="b">.T19 2020</marcxml:subfield>
  </marcxml:datafield>
  <marcxml:datafield ind1="0" ind2="0" tag="082">
    <marcxml:subfield code="a">305.800973</marcxml:subfield>
    <marcxml:subfield code="2">23</marcxml:subfield>
  </marcxml:datafield>
  <marcxml:datafield ind1="0" ind2="4" tag="245">
    <marcxml:subfield code="a">The talk :</marcxml:subfield>
    <marcxml:subfield code="b">conversations about race, love &amp; truth /</marcxml:subfield>
    <marcxml:subfield code="c">edited by Wade Hudson &amp; Cheryl Willis Hudson.</marcxml:subfield>
  </marcxml:datafield>
  <marcxml:datafield ind1="3" ind2=" " tag="246">
    <marcxml:subfield code="a">The talk, conversations about race, love and truth</marcxml:subfield>
  </marcxml:datafield>
  <marcxml:datafield ind1=" " ind2=" " tag="250">
    <marcxml:subfield code="a">First edition.</marcxml:subfield>
  </marcxml:datafield>
  <marcxml:datafield ind1=" " ind2="1" tag="264">
    <marcxml:subfield code="a">New York :</marcxml:subfield>
    <marcxml:subfield code="b">Crown Books for Young Readers,</marcxml:subfield>
    <marcxml:subfield code="c">[2020]</marcxml:subfield>
  </marcxml:datafield>
  <marcxml:datafield ind1=" " ind2=" " tag="300">
    <marcxml:subfield code="a">148 pages :</marcxml:subfield>
    <marcxml:subfield code="b">illustrations ;</marcxml:subfield>
    <marcxml:subfield code="c">24 cm</marcxml:subfield>
  </marcxml:datafield>
  <marcxml:datafield ind1=" " ind2=" " tag="336">
    <marcxml:subfield code="a">text</marcxml:subfield>
    <marcxml:subfield code="b">txt</marcxml:subfield>
    <marcxml:subfield code="2">rdacontent</marcxml:subfield>
  </marcxml:datafield>
  <marcxml:datafield ind1=" " ind2=" " tag="337">
    <marcxml:subfield code="a">unmediated</marcxml:subfield>
    <marcxml:subfield code="b">n</marcxml:subfield>
    <marcxml:subfield code="2">rdamedia</marcxml:subfield>
  </marcxml:datafield>
  <marcxml:datafield ind1=" " ind2=" " tag="338">
    <marcxml:subfield code="a">volume</marcxml:subfield>
    <marcxml:subfield code="b">nc</marcxml:subfield>
    <marcxml:subfield code="2">rdacarrier</marcxml:subfield>
  </marcxml:datafield>
  <marcxml:datafield ind1=" " ind2=" " tag="504">
    <marcxml:subfield code="a">Includes bibliographical references.</marcxml:subfield>
  </marcxml:datafield>
  <marcxml:datafield ind1="0" ind2=" " tag="505">
    <marcxml:subfield code="a">"Remember This" / by Renée Watson, illustrated by Shadra Strickland -- "Handle Your Business" / by Derrick Barnes, illustrated by Gordon C. James -- "Not a China Doll" / by Grace Lin -- "The Bike" / by Wade Hudson, illustrated by E. B. Lewis -- "The Way of the Anigiduwagi" / by Traci Sorell, illustrated by MaryBeth Timothy -- Untitled / by Daniel Nayeri, illustrated by Zeke Peña -- "Why Are There Racist People?" / by Duncan Tonatiuh -- "Never Be Afraid to Soar" / by Valerie Wilson Wesley, illustrated by Don Tate -- "My Olmec" / by Selina Alko -- "F.R.I.E.N.D.S.: Looking Back, Looking Forward" / by Torrey Maldonado, illustrated by Natacha Bustos -- "TEN" / by Tracey Baptiste, illustrated by April Harrison -- "I'm a Dancer" / by Sharon Dennis Wyeth, illustrated by Raul Colón -- "Hablar" / by Meg Medina, illustrated by Rudy Gutierrez -- "Our Inheritance" / by Adam Gidwitz, illustrated by Peter H. Reynolds -- "Tough Tuesday" / by Nikki Grimes, illustrated by Erin K. Robinson -- "The Road Ahead" /by Minh Lê, illustrated by Cozbi A. Cabrera -- "Mazes" / by Christopher Myers.</marcxml:subfield>
  </marcxml:datafield>
  <marcxml:datafield ind1=" " ind2=" " tag="520">
    <marcxml:subfield code="a">"Thirty diverse and award-winning authors and illustrators capture frank discussions about racism, identity, and self-esteem"--</marcxml:subfield>
    <marcxml:subfield code="c">Provided by publisher.</marcxml:subfield>
  </marcxml:datafield>
  <marcxml:datafield ind1=" " ind2="0" tag="650">
    <marcxml:subfield code="a">Racism</marcxml:subfield>
    <marcxml:subfield code="v">Juvenile literature.</marcxml:subfield>
  </marcxml:datafield>
  <marcxml:datafield ind1=" " ind2="0" tag="650">
    <marcxml:subfield code="a">Race relations</marcxml:subfield>
    <marcxml:subfield code="v">Juvenile literature.</marcxml:subfield>
  </marcxml:datafield>
  <marcxml:datafield ind1=" " ind2="0" tag="650">
    <marcxml:subfield code="a">African American children</marcxml:subfield>
    <marcxml:subfield code="v">Juvenile literature.</marcxml:subfield>
  </marcxml:datafield>
  <marcxml:datafield ind1=" " ind2="0" tag="650">
    <marcxml:subfield code="a">African Americans</marcxml:subfield>
    <marcxml:subfield code="x">Social conditions</marcxml:subfield>
    <marcxml:subfield code="v">Juvenile literature.</marcxml:subfield>
  </marcxml:datafield>
  <marcxml:datafield ind1=" " ind2="0" tag="650">
    <marcxml:subfield code="a">Minorities</marcxml:subfield>
    <marcxml:subfield code="z">United States</marcxml:subfield>
    <marcxml:subfield code="v">Juvenile literature.</marcxml:subfield>
  </marcxml:datafield>
  <marcxml:datafield ind1=" " ind2="0" tag="650">
    <marcxml:subfield code="a">Ethnic identity</marcxml:subfield>
    <marcxml:subfield code="v">Juvenile literature.</marcxml:subfield>
  </marcxml:datafield>
  <marcxml:datafield ind1=" " ind2="0" tag="650">
    <marcxml:subfield code="a">Self-esteem in children</marcxml:subfield>
    <marcxml:subfield code="v">Juvenile literature.</marcxml:subfield>
  </marcxml:datafield>
  <marcxml:datafield ind1=" " ind2="0" tag="650">
    <marcxml:subfield code="a">Conduct of life</marcxml:subfield>
    <marcxml:subfield code="v">Juvenile literature.</marcxml:subfield>
  </marcxml:datafield>
  <marcxml:datafield ind1=" " ind2="0" tag="650">
    <marcxml:subfield code="a">Encouragement</marcxml:subfield>
    <marcxml:subfield code="v">Juvenile literature.</marcxml:subfield>
  </marcxml:datafield>
  <marcxml:datafield ind1=" " ind2="0" tag="650">
    <marcxml:subfield code="a">Didactic literature, American.</marcxml:subfield>
  </marcxml:datafield>
  <marcxml:datafield ind1="1" ind2=" " tag="700">
    <marcxml:subfield code="a">Hudson, Wade,</marcxml:subfield>
    <marcxml:subfield code="e">editor.</marcxml:subfield>
  </marcxml:datafield>
  <marcxml:datafield ind1="1" ind2=" " tag="700">
    <marcxml:subfield code="a">Hudson, Cheryl Willis,</marcxml:subfield>
    <marcxml:subfield code="e">editor.</marcxml:subfield>
  </marcxml:datafield>
  <marcxml:datafield ind1="0" ind2="8" tag="776">
    <marcxml:subfield code="i">Online version:</marcxml:subfield>
    <marcxml:subfield code="t">Talk</marcxml:subfield>
    <marcxml:subfield code="b">First edition.</marcxml:subfield>
    <marcxml:subfield code="d">New York : Crown Books for Young Readers, [2020]</marcxml:subfield>
    <marcxml:subfield code="z">9780593121634</marcxml:subfield>
    <marcxml:subfield code="w">(DLC) 2020011096</marcxml:subfield>
  </marcxml:datafield>
</marcxml:record>
